<record><leader>00000cas a22000007a 4500</leader><controlfield tag="001">28310656</controlfield><controlfield tag="008">930622d19241929cauwr ne      0    0eng d</controlfield><datafield ind1=" " ind2=" " tag="010"><subfield code="a">sn 93053319 </subfield></datafield><datafield ind1=" " ind2=" " tag="040"><subfield code="a">CNK</subfield><subfield code="b">eng</subfield><subfield code="c">CNK</subfield><subfield code="d">OCLCQ</subfield></datafield><datafield ind1=" " ind2=" " tag="042"><subfield code="a">msc</subfield></datafield><datafield ind1="0" ind2=" " tag="130"><subfield code="a">Randsburg times (Randsburg, Calif. : 1924)</subfield></datafield><datafield ind1="1" ind2="4" tag="245"><subfield code="a">The Randsburg times.</subfield></datafield><datafield ind1=" " ind2=" " tag="260"><subfield code="a">Randsburg, Kern County, Calif. :</subfield><subfield code="b">W.L. Davis</subfield></datafield><datafield ind1=" " ind2=" " tag="300"><subfield code="a">v.</subfield></datafield><datafield ind1=" " ind2=" " tag="310"><subfield code="a">Weekly</subfield></datafield><datafield ind1="0" ind2=" " tag="362"><subfield code="a">Vol. 1, no. 1 (May 23, 1924)-v. 6, no. 4 (June 14, 1929).</subfield></datafield><datafield ind1=" " ind2="4" tag="651"><subfield code="a">Randsburg (Calif.)</subfield><subfield code="v">Newspapers.</subfield></datafield><datafield ind1=" " ind2=" " tag="752"><subfield code="a">United States</subfield><subfield code="b">California</subfield><subfield code="c">Kern</subfield><subfield code="d">Randsburg.</subfield></datafield><datafield ind1="0" ind2="7" tag="785"><subfield code="t">Mojave record</subfield><subfield code="w">(DLC)sn 93053316</subfield></datafield><datafield ind1="0" ind2="7" tag="785"><subfield code="t">Mojave record-times</subfield><subfield code="w">(DLC)sn 93053320</subfield></datafield><datafield ind1="1" ind2=" " tag="029"><subfield code="a">AU@</subfield><subfield code="b">000025905904</subfield></datafield></record>